@InCollection{GPS,
author = {Newell, Allen and Simon, Herbert A.},
title = {{GPS}: {A} Program That Simulates Human Thought},
booktitle = {Computers and Thought},
publisher = {McGraw-Hill},
year = {1963},
}

@Article{STRIPS,
author = {Nilsson, Nils J. and Fikes, Richard E.},
title = {STRIPS: A New Approach to the Application of Theorem Proving to Problem Solving},
journal = {Artifical Intelligence},
year = {1971},
volume = {2},
number = {3-4},
pages = {189-208},
}

@TechReport{PDDL,
author = {Ghallab, M. and Howe, A. and Knoblock, C. and Mcdermott, D. and Ram, A. and Veloso, M. and Weld, D. and Wilkins, D.},
title = {{PDDL} --- {T}he Planning Domain Definition Language},
year = {1998},
month = {08},
}





