@Article{AlphaGoNature,
author = {Silver, David and Huang, Aja and Maddison, Chris J. and Guez, Arthur and Sifre, Laurent and van den Driessche, George and Schrittwieser, Julian and Antonoglou, Ioannis and Panneershelvam, Veda and Lanctot, Marc and Dieleman, Sander and Grewe, Dominik and Nham, John and Kalchbrenner, Nal and Sutskever, Ilya and Lillicrap, Timothy and Leach, Madeleine and Kavukcuoglu, Koray and Graepel, Thore and Hassabis, Demis},
title = {Mastering the game of Go with deep neural networks and tree search},
journal = {Nature},
year = {2016},
OPTkey = {?},
OPTvolume = {529},
OPTnumber = {?},
OPTpages = {484 EP  -},
OPTmonth = {01},
OPTnote = {?},
OPTannote = {?}
}
